//Examples START --------- //
@online{networkencyclopedia2013time,
    editor = "The Network Encyclopedia",
    title = "Time Division Multiple Access (TDMA) in The Network Encyclopedia",
    year = "2013",
    url = "http://www.thenetworkencyclopedia.com/entry/time-division-multiple-access-tdma/",
    language = "american",
    organization = "The Network Encyclopedia",
    urldate = "2015-09-08"
}
@article{falconer1995time,
    title={Time division multiple access methods for wireless personal communications},
    author={Falconer, David D and Adachi, Fumiyuki and Gudmundson, Bj{\"o}rn},
    journal={Communications Magazine, IEEE},
    url="http://marketingland.com/pew-61-percent-in-us-now-have-smartphones-46966",
    volume={33},
    number={1},
    pages={50--57},
    year={1995},
    publisher={IEEE}
}
@book{SEBOOK,
  author    = {Sommerville, Ian}, 
  title     = {Software Engineering},
  publisher = {Pearson},
  year      = 2015,
  edition   = 10,
  isbn      = {9781292096131}
}
//--------- EXAMPLES END --------- //
@article{doi:10.1080/01441647.2011.621557,
author = { Nelson   D.   Chan  and  Susan   A.   Shaheen },
title = {Ridesharing in North America: Past, Present, and Future},
journal = {Transport Reviews},
volume = {32},
number = {1},
pages = {93-112},
year = {2012},
doi = {10.1080/01441647.2011.621557},

URL = { 
        http://dx.doi.org/10.1080/01441647.2011.621557
    
},
eprint = { 
        http://dx.doi.org/10.1080/01441647.2011.621557
    
}
}

@online{materialDesign,
	editor = "Google?",
	title = "Introduction - Material Design - Google design guidelines",
	year = "",
	url = "https://www.google.com/design/spec/material-design/introduction.html#introduction-principles",
	language = "american",
	organization = "Google",
	urldate = "2016-02-23",
}


@online{materialProperties,
	editor = "Google?",
	title = "Material properties - What is material? - Google design guidelines",
	year = "",
	url = "https://www.google.com/design/spec/what-is-material/material-properties.html",
	language = "american",
	organization = "Google",
	urldate = "2016-02-24"
}
@BOOK{DIS2014,
  title = {Designing Interactive Systems},
  publisher = {Pearson},
  year = {2014},
  author = {David Benyon},
  edtion = {3.},
  timestamp = {2014.10.01}
}

